<record><leader>01145cam a2200313 a 4500</leader><controlfield tag="001">1351947</controlfield><controlfield tag="008">910124s1985    ru a     b        0 rus d</controlfield><datafield ind1=" " ind2=" " tag="010"><subfield code="a">   86144160</subfield></datafield><datafield ind1=" " ind2=" " tag="035"><subfield code="a">ocm15082808</subfield></datafield><datafield ind1=" " ind2=" " tag="040"><subfield code="a">DLC</subfield><subfield code="b">eng</subfield><subfield code="c">DLC</subfield></datafield><datafield ind1="0" ind2=" " tag="041"><subfield code="a">rusfiu</subfield></datafield><datafield ind1=" " ind2=" " tag="043"><subfield code="a">e-ur-ru</subfield></datafield><datafield ind1=" " ind2=" " tag="049"><subfield code="a">AEU</subfield><subfield code="b">eng</subfield></datafield><datafield ind1="0" ind2="0" tag="050"><subfield code="a">NK976.M37</subfield><subfield code="b">M4 1985</subfield></datafield><datafield ind1="0" ind2=" " tag="090"><subfield code="a">NK 976 M37 M49 1985</subfield></datafield><datafield ind1="1" ind2=" " tag="100"><subfield code="a">Medzhitova, &#278;. D.</subfield><subfield code="q">(&#278;l&#697;mira Dzhevatovna)</subfield></datafield><datafield ind1="1" ind2="0" tag="245"><subfield code="a">Mari&#301;skoe narodnoe iskusstvo =</subfield><subfield code="b">Mari&#301; kalyk iskusstvo /</subfield><subfield code="c">&#278;l&#697;mira Medzhitova.</subfield></datafield><datafield ind1=" " ind2=" " tag="260"><subfield code="a">&#300;oshkar-Ola :</subfield><subfield code="b">Mari&#301;skoe knizhnoe izd-vo,</subfield><subfield code="c">1985.</subfield></datafield><datafield ind1=" " ind2=" " tag="300"><subfield code="a">269, [3] p. :</subfield><subfield code="b">chiefly col. ill. ;</subfield><subfield code="c">29 cm.</subfield></datafield><datafield ind1=" " ind2=" " tag="336"><subfield code="a">text</subfield><subfield code="b">txt</subfield><subfield code="2">rdacontent</subfield></datafield><datafield ind1=" " ind2=" " tag="337"><subfield code="a">unmediated</subfield><subfield code="b">n</subfield><subfield code="2">rdamedia</subfield></datafield><datafield ind1=" " ind2=" " tag="338"><subfield code="a">volume</subfield><subfield code="b">nc</subfield><subfield code="2">rdacarrier</subfield></datafield><datafield ind1=" " ind2=" " tag="500"><subfield code="a">Russian and Mari.</subfield></datafield><datafield ind1=" " ind2=" " tag="500"><subfield code="a">Text in English and Hungarian (7 p. ; 28 cm.) laid in.</subfield></datafield><datafield ind1=" " ind2=" " tag="504"><subfield code="a">Bibliography: p. 269-[270].</subfield></datafield><datafield ind1=" " ind2=" " tag="596"><subfield code="a">38</subfield></datafield><datafield ind1=" " ind2="0" tag="650"><subfield code="a">Folk art</subfield><subfield code="z">Russia (Federation)</subfield><subfield code="z">Mariiskai&#865;a A.S.S. R.</subfield></datafield><datafield ind1="0" ind2=" " tag="740"><subfield code="a">Mari&#301; kalyk iskusstvo.</subfield></datafield><datafield ind1=" " ind2=" " tag="926"><subfield code="a">NK 976 M37 M49 1985</subfield><subfield code="w">LC</subfield><subfield code="c">1</subfield><subfield code="i">000035532399</subfield><subfield code="d">11/10/1997</subfield><subfield code="l">ON_SHELF</subfield><subfield code="m">UABARD</subfield><subfield code="n">3</subfield><subfield code="p">$150.00</subfield><subfield code="r">Y</subfield><subfield code="s">Y</subfield><subfield code="t">BOOK</subfield><subfield code="u">2/6/1991</subfield><subfield code="o">.STAFF. C0013887</subfield></datafield></record>